@book{margulis1991symbiosis,
  title={Symbiosis as a source of evolutionary innovation: speciation and morphogenesis},
  author={Margulis, Lynn and Fester, Ren{\'e}},
  year={1991},
  publisher={Mit Press}
}
@article{anderson2001new,
  title={A new method for non-parametric multivariate analysis of variance},
  author={Anderson, Marti J},
  journal={Austral ecology},
  volume={26},
  number={1},
  pages={32--46},
  year={2001},
  publisher={Wiley Online Library}
}
@article{caporaso2010qiime,
  title={QIIME allows analysis of high-throughput community sequencing data},
  author={Caporaso, J Gregory and Kuczynski, Justin and Stombaugh, Jesse and Bittinger, Kyle and Bushman, Frederic D and Costello, Elizabeth K and Fierer, Noah and Pena, Antonio Gonzalez and Goodrich, Julia K and Gordon, Jeffrey I and others},
  journal={Nature methods},
  volume={7},
  number={5},
  pages={335},
  year={2010},
  publisher={Nature Publishing Group}
}
@article{craigie2011seaweed,
  title={Seaweed extract stimuli in plant science and agriculture},
  author={Craigie, James S},
  journal={Journal of Applied Phycology},
  volume={23},
  number={3},
  pages={371--393},
  year={2011},
  publisher={Springer}
}
@article{dumack2017rhogostomidae,
  title={Rhogostomidae (Cercozoa) from soils, roots and plant leaves (Arabidopsis thaliana): Description of Rhogostoma epiphylla sp. nov. and R. cylindrica sp. nov.},
  author={Dumack, Kenneth and Flues, Sebastian and Hermanns, Karoline and Bonkowski, Michael},
  journal={European journal of protistology},
  volume={60},
  pages={76--86},
  year={2017},
  publisher={Elsevier}
}
@article{wang2007naive,
  title={Naive Bayesian classifier for rapid assignment of rRNA sequences into the new bacterial taxonomy},
  author={Wang, Qiong and Garrity, George M and Tiedje, James M and Cole, James R},
  journal={Applied and environmental microbiology},
  volume={73},
  number={16},
  pages={5261--5267},
  year={2007},
  publisher={Am Soc Microbiol}
}
@article{klindworth2013evaluation,
  title={Evaluation of general 16S ribosomal RNA gene PCR primers for classical and next-generation sequencing-based diversity studies},
  author={Klindworth, Anna and Pruesse, Elmar and Schweer, Timmy and Peplies, J{\"o}rg and Quast, Christian and Horn, Matthias and Gl{\"o}ckner, Frank Oliver},
  journal={Nucleic acids research},
  volume={41},
  number={1},
  pages={e1--e1},
  year={2013},
  publisher={Oxford University Press}
}
@article{hugerth2014degeprime,
  title={DegePrime: a program for degenerate primer design for broad taxonomic-range PCR for microbial ecology studies},
  author={Hugerth, Luisa W and Wefer, Hugo A and Lundin, Sverker and Jacobsson, Hedvig E and Lindberg, Mathilda and Rodin, Sandra and Engstrand, Lars and Andersson, Anders F},
  journal={Applied and environmental microbiology},
  pages={AEM--01403},
  year={2014},
  publisher={Am Soc Microbiol}
}
@misc{jukes1969evolution,
  title={Evolution of protein molecules, pp. 21--132 in Mammalian Protein Metabolism, edited by Munro HN},
  author={Jukes, TH and Cantor, CR},
  year={1969},
  publisher={Academic Press, New York}
}
@article{paradis2004ape,
  title={APE: analyses of phylogenetics and evolution in R language},
  author={Paradis, Emmanuel and Claude, Julien and Strimmer, Korbinian},
  journal={Bioinformatics},
  volume={20},
  number={2},
  pages={289--290},
  year={2004},
  publisher={Oxford University Press}
}
@article{schloss2009introducing,
  title={Introducing mothur: open-source, platform-independent, community-supported software for describing and comparing microbial communities},
  author={Schloss, Patrick D and Westcott, Sarah L and Ryabin, Thomas and Hall, Justine R and Hartmann, Martin and Hollister, Emily B and Lesniewski, Ryan A and Oakley, Brian B and Parks, Donovan H and Robinson, Courtney J and others},
  journal={Applied and environmental microbiology},
  volume={75},
  number={23},
  pages={7537--7541},
  year={2009},
  publisher={Am Soc Microbiol}
}
@article{schliep2010phangorn,
  title={phangorn: phylogenetic analysis in R},
  author={Schliep, Klaus Peter},
  journal={Bioinformatics},
  volume={27},
  number={4},
  pages={592--593},
  year={2010},
  publisher={Oxford University Press}
}
@article{toju2012high,
  title={High-coverage ITS primers for the DNA-based identification of ascomycetes and basidiomycetes in environmental samples},
  author={Toju, Hirokazu and Tanabe, Akifumi S and Yamamoto, Satoshi and Sato, Hirotoshi},
  journal={PloS one},
  volume={7},
  number={7},
  pages={e40863},
  year={2012},
  publisher={Public Library of Science}
}
@article{wickham2015dplyr,
  title={dplyr: A grammar of data manipulation},
  author={Wickham, Hadley and Francois, Romain and Henry, Lionel and M{\"u}ller, K},
  journal={R package version 0.4},
  volume={3},
  year={2015}
}
@book{wickham2016ggplot2,
  title={ggplot2: elegant graphics for data analysis},
  author={Wickham, Hadley},
  year={2016},
  publisher={Springer}
}
@article{wright2016using,
  title={Using DECIPHER v2. 0 to analyze big biological sequence data in R.},
  author={Wright, Erik S},
  journal={R Journal},
  volume={8},
  number={1},
  year={2016}
}
@misc{silva,
  title = {silva for dada2: Silva taxonomic training data formatted for DADA2 (Silva version 132)},
  author = {Callahan, Benjamin},
  year = {2018},
  journal = {Zenodo},
  URL = {https://doi.org/10.5281/zenodo.1172783},
  doi = {10.5281/zenodo.1172783},
  publisher = {Zenodo}
}
@ONLINE{UNITE2017,
author = {UNITE Community},
title = {UNITE general FASTA release. Version 01.12.2017.},
month = sep,
year = {2018},
url = {https://files.plutof.ut.ee/doi/C8/E4/C8E4A8E6A7C4C00EACE3499C51E550744A259A98F8FE25993B1C7B9E7D2170B2.zip}
}
@article{callahan2016dada2,
  title={DADA2: high-resolution sample inference from Illumina amplicon data},
  author={Callahan, Benjamin J and McMurdie, Paul J and Rosen, Michael J and Han, Andrew W and Johnson, Amy Jo A and Holmes, Susan P},
  journal={Nature methods},
  volume={13},
  number={7},
  pages={581},
  year={2016},
  publisher={Nature Publishing Group}
}
@article{pinheiro2017nlme,
  title={Nlme: Linear and Nonlinear MixedEffects Models. R package version 3.1-128. 2016},
  author={Pinheiro, J and Bates, D and DebRoy, S and Sarkar, D and Team, R Core},
  journal={R software},
  year={2017}
}
@article{oksanen2013package,
  title={Package ‘vegan’},
  author={Oksanen, Jari and Blanchet, F Guillaume and Kindt, Roeland and Legendre, Pierre and Minchin, Peter R and O’hara, RB and Simpson, Gavin L and Solymos, Peter and Stevens, M Henry H and Wagner, Helene and others},
  journal={Community ecology package, version},
  volume={2},
  number={9},
  year={2013}
}
@article{anderson1999empirical,
  title={An empirical comparison of permutation methods for tests of partial regression coefficients in a linear model},
  author={Anderson, Marti J and Legendre, Pierre},
  journal={Journal of statistical computation and simulation},
  volume={62},
  number={3},
  pages={271--303},
  year={1999},
  publisher={Taylor \& Francis}
}
@article{altschul1997gapped,
  title={Gapped BLAST and PSI-BLAST: a new generation of protein database search programs},
  author={Altschul, Stephen F and Madden, Thomas L and Sch{\"a}ffer, Alejandro A and Zhang, Jinghui and Zhang, Zheng and Miller, Webb and Lipman, David J},
  journal={Nucleic acids research},
  volume={25},
  number={17},
  pages={3389--3402},
  year={1997},
  publisher={Oxford University Press}
}
@article{team2018r,
  title={R: A language and environment for statistical computing},
  author={Team, R Core},
  year={2018},
  publisher={Citeseer}
}
@article{alam2013effect,
  title={Effect of Ascophyllum extract application on plant growth, fruit yield and soil microbial communities of strawberry},
  author={Alam, Mohammed Zahidul and Braun, Gordon and Norrie, Jeffrey and Hodges, D Mark},
  journal={Canadian Journal of Plant Science},
  volume={93},
  number={1},
  pages={23--36},
  year={2013},
  publisher={NRC Research Press}
}
@article{milton1952improvements,
  title={Improvements in or relating to horticultural and agricultural fertilizers},
  author={Milton, RF},
  journal={British Patent},
  volume={664989},
  year={1952}
}
@article{khan2009seaweed,
  title={Seaweed extracts as biostimulants of plant growth and development},
  author={Khan, Wajahatullah and Rayirath, Usha P and Subramanian, Sowmyalakshmi and Jithesh, Mundaya N and Rayorath, Prasanth and Hodges, D Mark and Critchley, Alan T and Craigie, James S and Norrie, Jeff and Prithiviraj, Balakrishan},
  journal={Journal of Plant Growth Regulation},
  volume={28},
  number={4},
  pages={386--399},
  year={2009},
  publisher={Springer}
}
@article{wally2013regulation,
  title={Regulation of phytohormone biosynthesis and accumulation in Arabidopsis following treatment with commercial extract from the marine macroalga Ascophyllum nodosum},
  author={Wally, Owen SD and Critchley, Alan T and Hiltz, David and Craigie, James S and Han, Xiumei and Zaharia, L Irina and Abrams, Suzanne R and Prithiviraj, Balakrishnan},
  journal={Journal of plant growth regulation},
  volume={32},
  number={2},
  pages={324--339},
  year={2013},
  publisher={Springer}
}
@article{dhargalkar2005seaweed,
  title={Seaweed: promising plant of the millennium},
  author={Dhargalkar, VK and Pereira, Neelam},
  year={2005},
  publisher={Indian Science News Association}
}
@article{arioli2015applications,
  title={Applications of seaweed extracts in Australian agriculture: past, present and future},
  author={Arioli, Tony and Mattner, Scott W and Winberg, Pia C},
  journal={Journal of applied phycology},
  volume={27},
  number={5},
  pages={2007--2015},
  year={2015},
  publisher={Springer}
}
@article{stirk2014plant,
  title={Plant growth regulators in seaweeds: occurrence, regulation and functions},
  author={Stirk, Wendy A and Van Staden, Johannes},
  journal={Advances in Botanical Research},
  volume={71},
  pages={125--159},
  year={2014},
  publisher={Elsevier}
}
@article{santoyo2012mechanisms,
  title={Mechanisms of biocontrol and plant growth-promoting activity in soil bacterial species of Bacillus and Pseudomonas: a review},
  author={Santoyo, Gustavo and Orozco-Mosqueda, Ma del Carmen and Govindappa, M},
  journal={Biocontrol Science and Technology},
  volume={22},
  number={8},
  pages={855--872},
  year={2012},
  publisher={Taylor \& Francis}
}
@article{Rayirath2009,
  doi = {10.1007/s00425-009-0920-8},
  url = {https://doi.org/10.1007/s00425-009-0920-8},
  year  = {2009},
  month = {apr},
  publisher = {Springer Nature},
  volume = {230},
  number = {1},
  pages = {135--147},
  author = {Prasanth Rayirath and Bernhard Benkel and D. Mark Hodges and Paula Allan-Wojtas and Shawna MacKinnon and Alan T. Critchley and Balakrishnan Prithiviraj},
  title = {Lipophilic components of the brown seaweed,  Ascophyllum nodosum,  enhance freezing tolerance in Arabidopsis thaliana},
  journal = {Planta}
}
@article{Alam2013,
  doi = {10.4141/cjps2011-260},
  url = {https://doi.org/10.4141/cjps2011-260},
  year  = {2013},
  month = {jan},
  publisher = {Canadian Science Publishing},
  volume = {93},
  number = {1},
  pages = {23--36},
  author = {Mohammed Zahidul Alam and Gordon Braun and Jeffrey Norrie and D. Mark Hodges},
  title = {Effect of Ascophyllum extract application on plant growth,  fruit yield and soil microbial communities of strawberry},
  journal = {Canadian Journal of Plant Science}
}
@article{Alam2014,
  doi = {10.4141/cjps2013-135},
  url = {https://doi.org/10.4141/cjps2013-135},
  year  = {2014},
  month = {mar},
  publisher = {Canadian Science Publishing},
  volume = {94},
  number = {2},
  pages = {337--348},
  author = {Mohammed Zahidul Alam and Gordon Braun and Jeffrey Norrie and D. Mark Hodges},
  title = {Ascophyllum extract application can promote plant growth and root yield in carrot associated with increased root-zone soil microbial activity},
  journal = {Canadian Journal of Plant Science}
}
@article{Battacharyya2015,
  doi = {10.1016/j.scienta.2015.09.012},
  url = {https://doi.org/10.1016/j.scienta.2015.09.012},
  year  = {2015},
  month = {nov},
  publisher = {Elsevier {BV}},
  volume = {196},
  pages = {39--48},
  author = {Dhriti Battacharyya and Mahbobeh Zamani Babgohari and Pramod Rathor and Balakrishnan Prithiviraj},
  title = {Seaweed extracts as biostimulants in horticulture},
  journal = {Scientia Horticulturae}
}
@article{Craigie2010,
  doi = {10.1007/s10811-010-9560-4},
  url = {https://doi.org/10.1007/s10811-010-9560-4},
  year  = {2010},
  month = {jul},
  publisher = {Springer Nature},
  volume = {23},
  number = {3},
  pages = {371--393},
  author = {James S. Craigie},
  title = {Seaweed extract stimuli in plant science and agriculture},
  journal = {Journal of Applied Phycology}
}
@article{duJardin2015,
  doi = {10.1016/j.scienta.2015.09.021},
  url = {https://doi.org/10.1016/j.scienta.2015.09.021},
  year  = {2015},
  month = {nov},
  publisher = {Elsevier {BV}},
  volume = {196},
  pages = {3--14},
  author = {Patrick du Jardin},
  title = {Plant biostimulants: Definition,  concept,  main categories and regulation},
  journal = {Scientia Horticulturae}
}
@article{Jayaraj2008,
  doi = {10.1016/j.cropro.2008.05.005},
  url = {https://doi.org/10.1016/j.cropro.2008.05.005},
  year  = {2008},
  month = {oct},
  publisher = {Elsevier {BV}},
  volume = {27},
  number = {10},
  pages = {1360--1366},
  author = {J. Jayaraj and A. Wan and M. Rahman and Z.K. Punja},
  title = {Seaweed extract reduces foliar fungal diseases on carrot},
  journal = {Crop Protection}
}
@article{Jayaraman2010,
  doi = {10.1007/s10811-010-9547-1},
  url = {https://doi.org/10.1007/s10811-010-9547-1},
  year  = {2010},
  month = {jul},
  publisher = {Springer Nature},
  volume = {23},
  number = {3},
  pages = {353--361},
  author = {Jayaraj Jayaraman and Jeff Norrie and Zamir K. Punja},
  title = {Commercial extract from the brown seaweed Ascophyllum nodosum reduces fungal diseases in greenhouse cucumber},
  journal = {Journal of Applied Phycology}
}
@article{Khan2012,
  doi = {10.1080/00103624.2012.708079},
  url = {https://doi.org/10.1080/00103624.2012.708079},
  year  = {2012},
  month = {oct},
  publisher = {Informa {UK} Limited},
  volume = {43},
  number = {18},
  pages = {2425--2436},
  author = {Wajahatullah Khan and Ruijie Zhai and Alfred Souleimanov and Alan T. Critchley and Donald L. Smith and Balakrishnan Prithiviraj},
  title = {Commercial Extract {ofAscophyllum} {nodosumImproves} Root Colonization of Alfalfa by Its Bacterial {SymbiontSinorhizobium} meliloti},
  journal = {Communications in Soil Science and Plant Analysis}
}
@article{Khan2013,
  doi = {10.1080/00103624.2012.744032},
  url = {https://doi.org/10.1080/00103624.2012.744032},
  year  = {2013},
  month = {mar},
  publisher = {Informa {UK} Limited},
  volume = {44},
  number = {5},
  pages = {900--908},
  author = {Wajahatullah Khan and Ravishankar Palanisamy and Alan T. Critchley and Donald L. Smith and Yousef Papadopoulos and Balakrishan Prithiviraj},
  title = {Ascophyllum {nodosumExtract} and Its Organic Fractions {StimulateRhizobiumRoot} Nodulation and Growth {ofMedicago} sativa(Alfalfa)},
  journal = {Communications in Soil Science and Plant Analysis}
}
@article{MacDonald2012,
  doi = {10.4141/cjps2011-279},
  url = {https://doi.org/10.4141/cjps2011-279},
  year  = {2012},
  month = {nov},
  publisher = {Canadian Science Publishing},
  volume = {92},
  number = {6},
  pages = {1207--1212},
  author = {Joanne E. MacDonald and Jen Hacking and Yuhui Weng and Jeff Norrie},
  title = {Root growth of containerized lodgepole pine seedlings in response to Ascophyllum nodosum extract application during nursery culture},
  journal = {Canadian Journal of Plant Science}
}
@article{MacDonald2013,
  doi = {10.4141/cjps2012-268},
  url = {https://doi.org/10.4141/cjps2012-268},
  year  = {2013},
  month = {jul},
  publisher = {Canadian Science Publishing},
  volume = {93},
  number = {4},
  pages = {735--739},
  author = {Joanne E. MacDonald and Jen Hacking and Yuhui Weng and Jeff Norrie},
  title = {Effects of Ascophyllum nodosum extract application in the nursery on root growth of containerized white spruce seedlings},
  journal = {Canadian Journal of Plant Science}
}
@article{Nair2012,
  doi = {10.1186/1471-2164-13-643},
  url = {https://doi.org/10.1186/1471-2164-13-643},
  year  = {2012},
  publisher = {Springer Nature},
  volume = {13},
  number = {1},
  pages = {643},
  author = {Prasanth Nair and Saveetha Kandasamy and Junzeng Zhang and Xiuhong Ji and Chris Kirby and Bernhard Benkel and Mark D Hodges and Alan T Critchley and David Hiltz and Balakrishnan Prithiviraj},
  title = {Transcriptional and metabolomic analysis of Ascophyllum nodosum mediated freezing tolerance in Arabidopsis thaliana},
  journal = {{BMC} Genomics}
}
@article{Nannipieri2003,
  doi = {10.1046/j.1351-0754.2003.0556.x},
  url = {https://doi.org/10.1046/j.1351-0754.2003.0556.x},
  year  = {2003},
  month = {dec},
  publisher = {Wiley},
  volume = {54},
  number = {4},
  pages = {655--670},
  author = {P. Nannipieri and J. Ascher and M. T. Ceccherini and L. Landi and G. Pietramellara and G. Renella},
  title = {Microbial diversity and soil functions},
  journal = {European Journal of Soil Science}
}
@article{Newman2013,
  doi = {10.3389/fpls.2013.00139},
  url = {https://doi.org/10.3389/fpls.2013.00139},
  year  = {2013},
  publisher = {Frontiers Media {SA}},
  volume = {4},
  author = {Mari-Anne Newman and Thomas Sundelin and Jon T. Nielsen and Gitte Erbs},
  title = {{MAMP} (microbe-associated molecular pattern) triggered immunity in plants},
  journal = {Frontiers in Plant Science}
}
@article{Wally2012,
  doi = {10.1007/s00344-012-9301-9},
  url = {https://doi.org/10.1007/s00344-012-9301-9},
  year  = {2012},
  month = {nov},
  publisher = {Springer Nature},
  volume = {32},
  number = {2},
  pages = {324--339},
  author = {Owen S. D. Wally and Alan T. Critchley and David Hiltz and James S. Craigie and Xiumei Han and L. Irina Zaharia and Suzanne R. Abrams and Balakrishnan Prithiviraj},
  title = {Regulation of Phytohormone Biosynthesis and Accumulation in Arabidopsis Following Treatment with Commercial Extract from the Marine Macroalga Ascophyllum nodosum},
  journal = {Journal of Plant Growth Regulation}
}
@article{allen2001tasco,
  title={Tasco: Influence of a brown seaweed on antioxidants in forages and livestock—A review 1},
  author={Allen, VG and Pond, KR and Saker, KE and Fontenot, JP and Bagley, CP and Ivy, RL and Evans, RR and Schmidt, RE and Fike, JH and Zhang, X and others},
  journal={Journal of Animal Science},
  volume={79},
  number={E-Suppl},
  pages={E21--E31},
  year={2001},
  publisher={The American Society of Animal Science}
}
@article{ayad1998effect,
  title={The effect of seaweed extract (Ascophyllum nodosum) on antioxidant activities and drought tolerance of tall fescue (Festuca arundinacea Schreb)},
  author={Ayad, JY},
  journal={Ph D Thesis, Texas Tech University},
  year={1998}
}
@inproceedings{ayad1997effect,
  title={Effect of seaweed extract and the endophyte in tall fescue on superoxide dismutase, glutathione reductase and ascorbate peroxidase under varying levels of moisture stress},
  author={Ayad, JY and Mahan, JE and Allen, VG and Brown, CP},
  booktitle={Proceedings},
  year={1997}
}
@article{battacharyya2015seaweed,
  title={Seaweed extracts as biostimulants in horticulture},
  author={Battacharyya, Dhriti and Babgohari, Mahbobeh Zamani and Rathor, Pramod and Prithiviraj, Balakrishnan},
  journal={Scientia Horticulturae},
  volume={196},
  pages={39--48},
  year={2015},
  publisher={Elsevier}
}
@techreport{du2012science,
  title={The Science of Plant Biostimulants--A bibliographic analysis, Ad hoc study report},
  author={Du Jardin, Patrick},
  year={2012},
  institution={European Commission}
}
@incollection{Jayaraj2015sustainable,
  author={Jayaraj, J. and Ali, N.},
  editor={Ganesan, Sangeetha and Vadivel, Kurucheve and Jayaraman, Jayaraj},
  title={Use of seaweed extracts for disease management of vegetable crops},
  booktitle={Sustainable Crop Disease Management Using Natural Products},
  year={2015},
  publisher={CAB International},
  pages={160–-183} 
}
@article{jayaraj2008seaweed,
  title={Seaweed extract reduces foliar fungal diseases on carrot},
  author={Jayaraj, J and Wan, A and Rahman, M and Punja, ZK},
  journal={Crop Protection},
  volume={27},
  number={10},
  pages={1360--1366},
  year={2008},
  publisher={Elsevier}
}
@article{jithesh2012analysis,
  title={Analysis of seaweed extract-induced transcriptome leads to identification of a negative regulator of salt tolerance in Arabidopsis},
  author={Jithesh, Mundaya N and Wally, Owen SD and Manfield, Iain and Critchley, Alan T and Hiltz, David and Prithiviraj, Balakrishnan},
  journal={HortScience},
  volume={47},
  number={6},
  pages={704--709},
  year={2012},
  publisher={American Society for Horticultural Science}
}
@article{lizzi1998seaweed,
  title={Seaweed and mildew: what does the future hold?},
  author={Lizzi, Y and Coulomb, C and Polian, C and Coulomb, PJ and Coulomb, PO},
  journal={Phytoma La Defense des Vegetaux (France)},
  year={1998}
}
@inproceedings{schmidt1997influence,
  title={Influence of seaweed on growth and stress tolerance of grasses},
  author={Schmidt, RE and Zhang, X},
  booktitle={Proceedings},
  year={1997}
}
@article{spann2011applications,
  title={Applications of a commercial extract of the brown seaweed Ascophyllum nodosum increases drought tolerance in container-grown ‘Hamlin’sweet orange nursery trees},
  author={Spann, Timothy M and Little, Holly A},
  journal={HortScience},
  volume={46},
  number={4},
  pages={577--582},
  year={2011},
  publisher={American Society for Horticultural Science}
}
@inproceedings{Gardner2009lettuce,
  title={Acadian Ascophyllum nodosum extract improves early root growth and plant establishment in vegetable and bedding plant seedlings, and field grown lettuce and strawberries},
  author={Gardner, J. and Neily, W. and Shishkov, L. and Tse, T. and Norrie, J.},
  booktitle={Paper presented at: International Plant Propagation Society},
  year={2009}
}
@article{fisher1943relation,
  title={The relation between the number of species and the number of individuals in a random sample of an animal population},
  author={Fisher, Ronald A and Corbet, A Steven and Williams, Carrington B},
  journal={The Journal of Animal Ecology},
  pages={42--58},
  year={1943},
  publisher={JSTOR}
}
